<?xml version="1.0" encoding="UTF-8"?><collection xmlns="http://www.loc.gov/MARC21/slim"><record><leader>00549nam--2200193-i-4500</leader><controlfield tag="001">000024696</controlfield><controlfield tag="002">20161230</controlfield><controlfield tag="005">20161230201035</controlfield><controlfield tag="008">060222s1000------------r-----000-0-eng-d</controlfield><datafield ind1=" " ind2=" " tag="020"><subfield code="a">3540134034</subfield></datafield><datafield ind1=" " ind2=" " tag="040"><subfield code="a">IFIN-HH</subfield></datafield><datafield ind1=" " ind2=" " tag="080"><subfield code="a">524.33</subfield></datafield><datafield ind1="1" ind2=" " tag="100"><subfield code="a">Hoffmeister, C</subfield></datafield><datafield ind1="1" ind2="0" tag="245"><subfield code="a">Variable stars. with 170 figures and 64 tabales</subfield><subfield code="b">Translated by s. dunlop</subfield><subfield code="c">C. hoffmeister, g. richter, w. wenzel</subfield></datafield><datafield ind1=" " ind2=" " tag="260"><subfield code="a">Berlin</subfield><subfield code="b">Springer-verlag</subfield><subfield code="c">1985</subfield></datafield><datafield ind1=" " ind2=" " tag="300"><subfield code="a">XI + 328P</subfield></datafield><datafield ind1="1" ind2=" " tag="700"><subfield code="a">Wenzel, W</subfield></datafield><datafield ind1=" " ind2=" " tag="852"><subfield code="a">78661</subfield><subfield code="c">521/522</subfield></datafield><datafield ind1=" " ind2=" " tag="CAT"><subfield code="a">Sys</subfield><subfield code="c">20130827</subfield><subfield code="h">160504</subfield></datafield></record></collection>